@article{pbt_bib,
author = {Wlaschin, Scott},
year = {2014},
month = {12},
pages = {6},
title = {The "Property Based Testing" series},
url = {https://fsharpforfunandprofit.com/posts/property-based-testing/},
}